@article{ozik2004,
	author={Ozik, Jonathan and Hunt, Brian R. and Ott, Edward},
	title={Growing networks with geographical attachment preference: Emergence of small worlds},
	journal={Physical Review E},
	volume={69},
	number={2},
	pages={026108},
	year={2004},
	publisher={APS}
}

@article{thomson1904,
	author={Thomson, Joseph John},
	title={XXIV. ON the structure of the atom: an investigation of the stability and periods of oscillation of a number of corpuscles arranged at equal intervals around the circumference of a circle; with application of the results to the theory of atmic structure},
	journal={The London, Edinburgh, and Dublin Philosophical Magazine and Journal of Science},
	volume={7},
	number={39},
	pages={237-265},
	year={1904},
	publisher={Taylor \& Francis}
}	

@article{reallyrandom,
	author={Callaway, Duncan S and Hopcroft, John E and Kleinberg, Jon M and Newman, Mark EJ and Strogatz, Steven H},
	title={Are randomly grown graphs really random?},
	journal={Physical Review E},
	volume={64},
	number={4},
	pages={041902},
	year={2001},
	publisher={APS}
}

@article{zhang2008topologies,
  title={Topologies and Laplacian spectra of a deterministic uniform recursive tree},
  author={Zhang, Zhongzhi and Zhou, Shuigeng and Qi, Yi and Guan, Jihong},
  journal={The European Physical Journal B},
  volume={63},
  number={4},
  pages={507--513},
  year={2008},
  publisher={Springer}
}

